<?xml version="1.0" encoding="UTF-8"?><collection xmlns="http://www.loc.gov/MARC21/slim"><record><leader>00429nam--2200133-i-4500</leader><controlfield tag="001">000030842</controlfield><controlfield tag="002">20161230</controlfield><controlfield tag="005">20161230201038</controlfield><controlfield tag="008">060222s1000------------r-----000-0-eng-d</controlfield><datafield ind1=" " ind2=" " tag="080"><subfield code="a">621.3.002</subfield></datafield><datafield ind1=" " ind2=" " tag="245"><subfield code="a">Materiale electrotehnice. propietati si utilizari</subfield></datafield><datafield ind1=" " ind2=" " tag="260"><subfield code="a">Bucuresti, Ed.Tehnica, 1976</subfield></datafield><datafield ind1=" " ind2=" " tag="700"><subfield code="a">Popescu, Cristiana., Ifrim, Alfons., Cedighian, Suren., Lefter, Cecilia, Nicolae, Maria Si Ichim, Dumitru</subfield></datafield><datafield ind1=" " ind2=" " tag="852"><subfield code="a">43558</subfield></datafield></record></collection>